<?xml version="1.0" encoding="UTF-8"?><collection xmlns="http://www.loc.gov/MARC21/slim"><record><leader>00350nam--2200133-i-4500</leader><controlfield tag="001">000017246</controlfield><controlfield tag="002">20161230</controlfield><controlfield tag="005">20161230201032</controlfield><controlfield tag="008">060222s1000------------r-----000-0-eng-d</controlfield><datafield ind1=" " ind2=" " tag="080"><subfield code="a">621.384.6</subfield></datafield><datafield ind1=" " ind2=" " tag="245"><subfield code="a">The infancy of particle accelerators. life and work of rolf wideroe</subfield></datafield><datafield ind1=" " ind2=" " tag="260"><subfield code="a">Hamburg, 1994. 200 P</subfield></datafield><datafield ind1=" " ind2=" " tag="700"><subfield code="a">Pedro Waloschek</subfield></datafield><datafield ind1=" " ind2=" " tag="852"><subfield code="a">80142</subfield></datafield></record></collection>